<?xml version="1.0" encoding="UTF-8"?><collection xmlns="http://www.loc.gov/MARC21/slim"><record><leader>00565nam--2200169-i-4500</leader><controlfield tag="001">000043481</controlfield><controlfield tag="002">20161230</controlfield><controlfield tag="005">20161230201044</controlfield><controlfield tag="008">060222s1000------------r-----000-0-fre-d</controlfield><datafield ind1=" " ind2=" " tag="041"><subfield code="a">IFIN-HH</subfield></datafield><datafield ind1=" " ind2=" " tag="080"><subfield code="a">539.12.172:539.125.4(043)</subfield></datafield><datafield ind1="1" ind2=" " tag="100"><subfield code="a">Tabet,Jean-pierre</subfield></datafield><datafield ind1="1" ind2="0" tag="245"><subfield code="a">Diffusion de proteons de 1gev sur les isotopes 144,150 et 152 du samarium test du mecanisme de reaction et des densites de matiere</subfield><subfield code="b">These</subfield><subfield code="c">Jean-pierre tabet</subfield></datafield><datafield ind1=" " ind2=" " tag="260"><subfield code="a">Orsay</subfield><subfield code="b">Universite De Paris-sud</subfield><subfield code="c">1980</subfield></datafield><datafield ind1=" " ind2=" " tag="300"><subfield code="a">129 P</subfield></datafield><datafield ind1=" " ind2=" " tag="852"><subfield code="a">70577</subfield><subfield code="c">539.12</subfield></datafield><datafield ind1=" " ind2=" " tag="CAT"><subfield code="a">Sys</subfield><subfield code="c">20111209</subfield><subfield code="h">094745</subfield></datafield></record></collection>